
@Book{dummy:1,
  Title                    = {The Book without Title},
  Author                   = {John Doe},
  Year                     = {2100},
  Publisher                = {Dummy Publisher}
}

@Online{google,
  Title                    = {Google is my source},
  Author                   = {Google},
  Url                      = {https://www.google.com/},
  Year                     = {2018},
  Urldate                  = {2018-07-04}
}
